<collection xmlns="http://www.loc.gov/MARC21/slim">
<record>
  <leader>02042nam0a22003611i 450 </leader>
  <controlfield tag="001">IT\ICCU\CNCE\046804</controlfield>
  <controlfield tag="005">20080912000000.0</controlfield>
  <datafield tag="012" ind1=" " ind2=" ">
    <subfield code="a">t.m. i.s. i.ud CuIp (C) 1523 (R)</subfield>
    <subfield code="2">fei</subfield>
  </datafield>
  <datafield tag="100" ind1=" " ind2=" ">
    <subfield code="a">19990205d1523        0itac0103    ba</subfield>
  </datafield>
  <datafield tag="101" ind1=" " ind2=" ">
    <subfield code="a">LAT</subfield>
  </datafield>
  <datafield tag="102" ind1=" " ind2=" ">
    <subfield code="a">IT</subfield>
  </datafield>
  <datafield tag="200" ind1="1" ind2=" ">
    <subfield code="a">In hoc libello haec continentur. Pacifici Maximi poetae Asculani elegiae nonnullae iocosae &amp; festiuae. Laudes summorum uirorum urbium &amp; locorum. Inuectiuae in quosdam. Laudes patriae Asculanae &amp; alia quaedam iucunda &amp; docta</subfield>
  </datafield>
  <datafield tag="210" ind1=" " ind2=" ">
    <subfield code="e">Camerini</subfield>
    <subfield code="g">Ioannes Iacobus de Benedictis Bononiensis excudebat</subfield>
    <subfield code="g">suis &amp; Lodouici Placidi Camertis socii sumptibus</subfield>
    <subfield code="h">mense medio 1523</subfield>
  </datafield>
  <datafield tag="215" ind1=" " ind2=" ">
    <subfield code="a">\96! c.</subfield>
    <subfield code="c">ill.</subfield>
    <subfield code="d">4ʻ</subfield>
  </datafield>
  <datafield tag="620" ind1=" " ind2=" ">
    <subfield code="a">IT</subfield>
    <subfield code="d">Camerino</subfield>
  </datafield>
  <datafield tag="700" ind1=" " ind2="1">
    <subfield code="a">Massimi,</subfield>
    <subfield code="b">Pacifico</subfield>
    <subfield code="3">IT\ICCU\CNCA\009533</subfield>
  </datafield>
  <datafield tag="712" ind1="0" ind2="0">
    <subfield code="a">Benedetti, Giovanni Giacomo</subfield>
    <subfield code="3">IT\ICCU\CNCT\002353</subfield>
    <subfield code="4">650</subfield>
  </datafield>
  <datafield tag="712" ind1="0" ind2="0">
    <subfield code="a">Benedetti, Giovanni Giacomo &amp; Placidio, Luigi</subfield>
    <subfield code="3">IT\ICCU\CNCT\003226</subfield>
    <subfield code="4">650</subfield>
  </datafield>
  <datafield tag="790" ind1=" " ind2="1">
    <subfield code="a">Massimo,</subfield>
    <subfield code="b">Pacifico</subfield>
    <subfield code="3">IT\ICCU\CNCA\020812</subfield>
    <subfield code="z">Massimi, Pacifico</subfield>
  </datafield>
  <datafield tag="790" ind1=" " ind2="1">
    <subfield code="a">Maximus,</subfield>
    <subfield code="b">Pacificus</subfield>
    <subfield code="3">IT\ICCU\CNCA\020813</subfield>
    <subfield code="z">Massimi, Pacifico</subfield>
  </datafield>
  <datafield tag="791" ind1="0" ind2="0">
    <subfield code="a">Benedictis, Ioannes Iacopus de</subfield>
    <subfield code="3">IT\ICCU\CNCT\004332</subfield>
    <subfield code="z">Benedetti, Giovanni Giacomo</subfield>
  </datafield>
  <datafield tag="791" ind1="0" ind2="0">
    <subfield code="a">Benedictus, Ioannes Iacopus</subfield>
    <subfield code="3">IT\ICCU\CNCT\004333</subfield>
    <subfield code="z">Benedetti, Giovanni Giacomo</subfield>
  </datafield>
  <datafield tag="791" ind1="0" ind2="0">
    <subfield code="a">Placidio, Luigi</subfield>
    <subfield code="3">IT\ICCU\CNCT\003227</subfield>
    <subfield code="z">Benedetti, Giovanni Giacomo &amp; Placidio, Luigi</subfield>
  </datafield>
  <datafield tag="801" ind1=" " ind2="3">
    <subfield code="a">IT</subfield>
    <subfield code="b">ICCU</subfield>
    <subfield code="c">20201115</subfield>
  </datafield>
  <datafield tag="899" ind1=" " ind2=" ">
    <subfield code="a">Biblioteca Marucelliana. Firenze</subfield>
    <subfield code="1">FI0101</subfield>
    <subfield code="2">CFI MF</subfield>
  </datafield>
  <datafield tag="899" ind1=" " ind2=" ">
    <subfield code="a">Biblioteca comunale Valentiniana. Camerino</subfield>
    <subfield code="1">MC0004</subfield>
    <subfield code="2">UMC BV</subfield>
  </datafield>
  <datafield tag="899" ind1=" " ind2=" ">
    <subfield code="a">Biblioteca comunale Augusta. Perugia</subfield>
    <subfield code="z">MUTILO</subfield>
    <subfield code="1">PG0109</subfield>
    <subfield code="2">UM1 01</subfield>
  </datafield>
  <datafield tag="899" ind1=" " ind2=" ">
    <subfield code="a">Biblioteca nazionale centrale. Roma</subfield>
    <subfield code="1">RM0267</subfield>
    <subfield code="2">BVE CR</subfield>
  </datafield>
  <datafield tag="899" ind1=" " ind2=" ">
    <subfield code="a">Biblioteca comunale. Treviso</subfield>
    <subfield code="1">TV0114</subfield>
    <subfield code="2">VIA CT</subfield>
  </datafield>
  <datafield tag="899" ind1=" " ind2=" ">
    <subfield code="a">British Library. London</subfield>
    <subfield code="1">UK0001</subfield>
  </datafield>
  <datafield tag="899" ind1=" " ind2=" ">
    <subfield code="a">Biblioteca nazionale Marciana. Venezia</subfield>
    <subfield code="z">MUTILO</subfield>
    <subfield code="1">VE0049</subfield>
    <subfield code="2">VEA BM</subfield>
  </datafield>
  <datafield tag="911" ind1=" " ind2=" ">
    <subfield code="a">Nel coloph.</subfield>
    <subfield code="9">IT\ICCU\CNCM\000533</subfield>
  </datafield>
  <datafield tag="921" ind1=" " ind2=" ">
    <subfield code="a">IT\ICCU\CNCM\000533</subfield>
    <subfield code="b">Cerchio (all&apos;interno un labirinto) con croce doppia e iniziali C.O.</subfield>
    <subfield code="c">K25</subfield>
    <subfield code="f">CERCHIO</subfield>
    <subfield code="f">CO</subfield>
    <subfield code="f">CROCE</subfield>
    <subfield code="f">LABIRINTO</subfield>
    <subfield code="g">1523</subfield>
  </datafield>
</record>
</collection>
